% Astronomical Observations
@article{rotationcurve-2000,
  author   = {Corbelli, Edvige and Salucci, Paolo},
  title    = {{The extended rotation curve and the dark matter halo of M33}},
  journal  = {Monthly Notices of the Royal Astronomical Society},
  volume   = {311},
  number   = {2},
  pages    = {441-447},
  year     = {2000},
  month    = {01},
  abstract = {{We present the 21-cm rotation curve of the nearby galaxy M33 out to a galactocentric distance of 16 kpc (13 disc scalelengths). The rotation curve keeps rising out to the last measured point and implies a dark halo mass ≳5×1010 M⊙. The stellar and gaseous discs provide virtually equal contributions to the galaxy gravitational potential at large galactocentric radii, but no obvious correlation is found between the radial distribution of dark matter and the distribution of stars or gas.Results of the best fit to the mass distribution in M33 picture a dark halo which controls the gravitational potential from 3 kpc outward, with a matter density which decreases radially as R−1.3. The density profile is consistent with the theoretical predictions for structure formation in hierarchical clustering cold dark matter (CDM) models, and favours lower mass concentrations than those expected in the standard cosmogony.}},
  issn     = {0035-8711},
  doi      = {10.1046/j.1365-8711.2000.03075.x},
  url      = {https://doi.org/10.1046/j.1365-8711.2000.03075.x},
  eprint   = {https://academic.oup.com/mnras/article-pdf/311/2/441/2881340/311-2-441.pdf}
}

% DM Theory
@misc{darksectors-2016,
  title         = {Dark Sectors 2016 Workshop: Community Report},
  author        = {Jim Alexander and Marco Battaglieri and Bertrand Echenard and Rouven Essig and Matthew Graham and Eder Izaguirre and John Jaros and Gordan Krnjaic and Jeremy Mardon and David Morrissey and Tim Nelson and Maxim Perelstein and Matt Pyle and Adam Ritz and Philip Schuster and Brian Shuve and Natalia Toro and Richard G Van De Water and Daniel Akerib and Haipeng An and Konrad Aniol and Isaac J. Arnquist and David M. Asner and Henning O. Back and Keith Baker and Nathan Baltzell and Dipanwita Banerjee and Brian Batell and Daniel Bauer and James Beacham and Jay Benesch and James Bjorken and Nikita Blinov and Celine Boehm and Mariangela Bondí and Walter Bonivento and Fabio Bossi and Stanley J. Brodsky and Ran Budnik and Stephen Bueltmann and Masroor H. Bukhari and Raymond Bunker and Massimo Carpinelli and Concetta Cartaro and David Cassel and Gianluca Cavoto and Andrea Celentano and Animesh Chaterjee and Saptarshi Chaudhuri and Gabriele Chiodini and Hsiao-Mei Sherry Cho and Eric D. Church and D. A. Cooke and Jodi Cooley and Robert Cooper and Ross Corliss and Paolo Crivelli and Francesca Curciarello and Annalisa D'Angelo and Hooman Davoudiasl and Marzio De Napoli and Raffaella De Vita and Achim Denig and Patrick deNiverville and Abhay Deshpande and Ranjan Dharmapalan and Bogdan Dobrescu and Sergey Donskov and Raphael Dupre and Juan Estrada and Stuart Fegan and Torben Ferber and Clive Field and Enectali Figueroa-Feliciano and Alessandra Filippi and Bartosz Fornal and Arne Freyberger and Alexander Friedland and Iftach Galon and Susan Gardner and Francois-Xavier Girod and Sergei Gninenko and Andrey Golutvin and Stefania Gori and Christoph Grab and Enrico Graziani and Keith Griffioen and Andrew Haas and Keisuke Harigaya and Christopher Hearty and Scott Hertel and JoAnne Hewett and Andrew Hime and David Hitlin and Yonit Hochberg and Roy J. Holt and Maurik Holtrop and Eric W. Hoppe and Todd W. Hossbach and Lauren Hsu and Phil Ilten and Joe Incandela and Gianluca Inguglia and Kent Irwin and Igal Jaegle and Robert P. Johnson and Yonatan Kahn and Grzegorz Kalicy and Zhong-Bo Kang and Vardan Khachatryan and Venelin Kozhuharov and N. V. Krasnikov and Valery Kubarovsky and Eric Kuflik and Noah Kurinsky and Ranjan Laha and Gaia Lanfranchi and Dale Li and Tongyan Lin and Mariangela Lisanti and Kun Liu and Ming Liu and Ben Loer and Dinesh Loomba and Valery E. Lyubovitskij and Aaron Manalaysay and Giuseppe Mandaglio and Jeremiah Mans and W. J. Marciano and Thomas Markiewicz and Luca Marsicano and Takashi Maruyama and Victor A. Matveev and David McKeen and Bryan McKinnon and Dan McKinsey and Harald Merkel and Jeremy Mock and Maria Elena Monzani and Omar Moreno and Corina Nantais and Sebouh Paul and Michael Peskin and Vladimir Poliakov and Antonio D Polosa and Maxim Pospelov and Igor Rachek and Balint Radics and Mauro Raggi and Nunzio Randazzo and Blair Ratcliff and Alessandro Rizzo and Thomas Rizzo and Alan Robinson and Andre Rubbia and David Rubin and Dylan Rueter and Tarek Saab and Elena Santopinto and Richard Schnee and Jessie Shelton and Gabriele Simi and Ani Simonyan and Valeria Sipala and Oren Slone and Elton Smith and Daniel Snowden-Ifft and Matthew Solt and Peter Sorensen and Yotam Soreq and Stefania Spagnolo and James Spencer and Stepan Stepanyan and Jan Strube and Michael Sullivan and Arun S. Tadepalli and Tim Tait and Mauro Taiuti and Philip Tanedo and Rex Tayloe and Jesse Thaler and Nhan V. Tran and Sean Tulin and Christopher G. Tully and Sho Uemura and Maurizio Ungaro and Paolo Valente and Holly Vance and Jerry Vavra and Tomer Volansky and Belina von Krosigk and Andrew Whitbeck and Mike Williams and Peter Wittich and Bogdan Wojtsekhowski and Wei Xue and Jong Min Yoon and Hai-Bo Yu and Jaehoon Yu and Tien-Tien Yu and Yue Zhang and Yue Zhao and Yiming Zhong and Kathryn Zurek},
  year          = {2016},
  eprint        = {1608.08632},
  archiveprefix = {arXiv},
  primaryclass  = {hep-ph}
}
@article{ldmconstraints-2019,
  title     = {Novel Direct Detection Constraints on Light Dark Matter},
  author    = {Bringmann, Torsten and Pospelov, Maxim},
  journal   = {Phys. Rev. Lett.},
  volume    = {122},
  issue     = {17},
  pages     = {171801},
  numpages  = {6},
  year      = {2019},
  month     = {May},
  publisher = {American Physical Society},
  doi       = {10.1103/PhysRevLett.122.171801},
  url       = {https://link.aps.org/doi/10.1103/PhysRevLett.122.171801}
}
@article{superwimps-2008,
  title     = {Bosonic super-WIMPs as keV-scale dark matter},
  author    = {Pospelov, Maxim and Ritz, Adam and Voloshin, Mikhail},
  journal   = {Phys. Rev. D},
  volume    = {78},
  issue     = {11},
  pages     = {115012},
  numpages  = {12},
  year      = {2008},
  month     = {Dec},
  publisher = {American Physical Society},
  doi       = {10.1103/PhysRevD.78.115012},
  url       = {https://link.aps.org/doi/10.1103/PhysRevD.78.115012}
}
@article{darkseaquest-2018,
  doi       = {10.1103/physrevd.98.035011},
  url       = {https://doi.org/10.1103%2Fphysrevd.98.035011},
  year      = 2018,
  month     = {aug},
  publisher = {American Physical Society ({APS})},
  volume    = {98},
  number    = {3},
  author    = {Asher Berlin and Stefania Gori and Philip Schuster and Natalia Toro},
  title     = {Dark sectors at the Fermilab {SeaQuest} experiment},
  journal   = {Physical Review D}
}

% DM Limit Setting
@article{supercdms-2018,
  doi       = {10.1103/physrevlett.121.051301},
  url       = {https://doi.org/10.1103%2Fphysrevlett.121.051301},
  year      = 2018,
  month     = {aug},
  publisher = {American Physical Society ({APS})},
  volume    = {121},
  number    = {5},
  author    = {R. Agnese and T. Aralis and T. Aramaki and I.{\hspace{0.167em}}J. Arnquist and E. Azadbakht and W. Baker and S. Banik and D. Barker and D.{\hspace{0.167em}}A. Bauer and T. Binder and M.{\hspace{0.167em}}A. Bowles and P.{\hspace{0.167em}}L. Brink and R. Bunker and B. Cabrera and R. Calkins and C. Cartaro and D.{\hspace{0.167em}}G. Cerde{\~{n}}o and Y.-Y. Chang and J. Cooley and B. Cornell and P. Cushman and P.{\hspace{0.167em}}C.{\hspace{0.167em}}F. Di Stefano and T. Doughty and E. Fascione and E. Figueroa-Feliciano and C. Fink and M. Fritts and G. Gerbier and R. Germond and M. Ghaith and S.{\hspace{0.167em}}R. Golwala and H.{\hspace{0.167em}}R. Harris and Z. Hong and E.{\hspace{0.167em}}W. Hoppe and L. Hsu and M.{\hspace{0.167em}}E. Huber and V. Iyer and D. Jardin and C. Jena and M.{\hspace{0.167em}}H. Kelsey and A. Kennedy and A. Kubik and N.{\hspace{0.167em}}A. Kurinsky and R.{\hspace{0.167em}}E. Lawrence and J.{\hspace{0.167em}}V. Leyva and B. Loer and E. Lopez Asamar and P. Lukens and D. MacDonell and R. Mahapatra and V. Mandic and N. Mast and E.{\hspace{0.167em}}H. Miller and N. Mirabolfathi and B. Mohanty and J.{\hspace{0.167em}}D. Morales Mendoza and J. Nelson and J.{\hspace{0.167em}}L. Orrell and S.{\hspace{0.167em}}M. Oser and W.{\hspace{0.167em}}A. Page and R. Partridge and M. Pepin and A. Phipps and F. Ponce and S. Poudel and M. Pyle and H. Qiu and W. Rau and A. Reisetter and T. Reynolds and A. Roberts and A.{\hspace{0.167em}}E. Robinson and H.{\hspace{0.167em}}E. Rogers and R.{\hspace{0.167em}}K. Romani and T. Saab and B. Sadoulet and J. Sander and A. Scarff and R.{\hspace{0.167em}}W. Schnee and S. Scorza and K. Senapati and B. Serfass and J. So and D. Speller and C. Stanford and M. Stein and J. Street and H.{\hspace{0.167em}}A. Tanaka and D. Toback and R. Underwood and A.{\hspace{0.167em}}N. Villano and B. von Krosigk and S.{\hspace{0.167em}}L. Watkins and J.{\hspace{0.167em}}S. Wilson and M.{\hspace{0.167em}}J. Wilson and J. Winchell and D.{\hspace{0.167em}}H. Wright and S. Yellin and B.{\hspace{0.167em}}A. Young and X. Zhang and X. Zhao},
  title     = {First Dark Matter Constraints from a {SuperCDMS} Single-Charge Sensitive Detector},
  journal   = {Physical Review Letters}
}
@article{xenon1t-2018,
  doi       = {10.1103/physrevlett.121.111302},
  url       = {https://doi.org/10.1103%2Fphysrevlett.121.111302},
  year      = 2018,
  month     = {sep},
  publisher = {American Physical Society ({APS})},
  volume    = {121},
  number    = {11},
  author    = {E. Aprile and J. Aalbers and F. Agostini and M. Alfonsi and L. Althueser and F.{\hspace{0.167em}}D. Amaro and M. Anthony and F. Arneodo and L. Baudis and B. Bauermeister and M.{\hspace{0.167em}}L. Benabderrahmane and T. Berger and P.{\hspace{0.167em}}A. Breur and A. Brown and A. Brown and E. Brown and S. Bruenner and G. Bruno and R. Budnik and C. Capelli and J.{\hspace{0.167em}}M.{\hspace{0.167em}}R. Cardoso and D. Cichon and D. Coderre and A.{\hspace{0.167em}}P. Colijn and J. Conrad and J.{\hspace{0.167em}}P. Cussonneau and M.{\hspace{0.167em}}P. Decowski and P. de Perio and P. Di Gangi and A. Di Giovanni and S. Diglio and A. Elykov and G. Eurin and J. Fei and A.{\hspace{0.167em}}D. Ferella and A. Fieguth and W. Fulgione and A. Gallo Rosso and M. Galloway and F. Gao and M. Garbini and C. Geis and L. Grandi and Z. Greene and H. Qiu and C. Hasterok and E. Hogenbirk and J. Howlett and R. Itay and F. Joerg and B. Kaminsky and S. Kazama and A. Kish and G. Koltman and H. Landsman and R.{\hspace{0.167em}}F. Lang and L. Levinson and Q. Lin and S. Lindemann and M. Lindner and F. Lombardi and J.{\hspace{0.167em}}A.{\hspace{0.167em}}M. Lopes and J. Mahlstedt and A. Manfredini and T. Marrod{\'{a}}n Undagoitia and J. Masbou and D. Masson and M. Messina and K. Micheneau and K. Miller and A. Molinario and K. Mor{\aa} and M. Murra and J. Naganoma and K. Ni and U. Oberlack and B. Pelssers and F. Piastra and J. Pienaar and V. Pizzella and G. Plante and R. Podviianiuk and N. Priel and D. Ram{\'{\i}}rez Garc{\'{\i}}a and L. Rauch and S. Reichard and C. Reuter and B. Riedel and A. Rizzo and A. Rocchetti and N. Rupp and J.{\hspace{0.167em}}M.{\hspace{0.167em}}F. dos Santos and G. Sartorelli and M. Scheibelhut and S. Schindler and J. Schreiner and D. Schulte and M. Schumann and L. Scotto Lavina and M. Selvi and P. Shagin and E. Shockley and M. Silva and H. Simgen and D. Thers and F. Toschi and G. Trinchero and C. Tunnell and N. Upole and M. Vargas and O. Wack and H. Wang and Z. Wang and Y. Wei and C. Weinheimer and C. Wittweg and J. Wulf and J. Ye and Y. Zhang and T. Zhu and},
  title     = {Dark Matter Search Results from a One Ton-Year Exposure of {XENON}1T},
  journal   = {Physical Review Letters}
}
@article{damic-2020,
  doi       = {10.1103/physrevlett.125.241803},
  url       = {https://doi.org/10.1103%2Fphysrevlett.125.241803},
  year      = 2020,
  month     = {dec},
  publisher = {American Physical Society ({APS})},
  volume    = {125},
  number    = {24},
  author    = {A. Aguilar-Arevalo and D. Amidei and D. Baxter and G. Cancelo and B.{\hspace{0.167em}}A. Cervantes Vergara and A.{\hspace{0.167em}}E. Chavarria and J.{\hspace{0.167em}}C. D'Olivo and J. Estrada and F. Favela-Perez and R. Gaïor and Y. Guardincerri and E.{\hspace{0.167em}}W. Hoppe and T.{\hspace{0.167em}}W. Hossbach and B. Kilminster and I. Lawson and S.{\hspace{0.167em}}J. Lee and A. Letessier-Selvon and A. Matalon and P. Mitra and C.{\hspace{0.167em}}T. Overman and A. Piers and P. Privitera and K. Ramanathan and J. Da Rocha and Y. Sarkis and M. Settimo and R. Smida and R. Thomas and J. Tiffenberg and M. Traina and R. Vilar and A.{\hspace{0.167em}}L. Virto and},
  title     = {Results on Low-Mass Weakly Interacting Massive Particles from an 11~kg{\hspace{0.167em}}d Target Exposure of {DAMIC} at {SNOLAB}},
  journal   = {Physical Review Letters}
}


% HPS